@article{dong2016image,
  title={Image super-resolution using deep convolutional networks},
  author={Dong, Chao and Loy, Chen Change and He, Kaiming and Tang, Xiaoou},
  journal={IEEE transactions on pattern analysis and machine intelligence},
  volume={38},
  number={2},
  pages={295--307},
  year={2016},
  publisher={IEEE}
}

@article{caballero2016real,
  title={Real-Time Video Super-Resolution with Spatio-Temporal Networks and Motion Compensation},
  author={Caballero, Jose and Ledig, Christian and Aitken, Andrew and Acosta, Alejandro and Totz, Johannes and Wang, Zehan and Shi, Wenzhe},
  journal={arXiv preprint arXiv:1611.05250},
  year={2016}
}

@article{tao2017detail,
  title={Detail-revealing Deep Video Super-resolution},
  author={Tao, Xin and Gao, Hongyun and Liao, Renjie and Wang, Jue and Jia, Jiaya},
  journal={arXiv preprint arXiv:1704.02738},
  year={2017}
}

@article{greavesmulti,
  title={Multi-Frame Video Super-Resolution Using Convolutional Neural Networks},
  author={Greaves, Alex and Winter, Hanna}
}

@inproceedings{shi2016real,
  title={Real-time single image and video super-resolution using an efficient sub-pixel convolutional neural network},
  author={Shi, Wenzhe and Caballero, Jose and Husz{\'a}r, Ferenc and Totz, Johannes and Aitken, Andrew P and Bishop, Rob and Rueckert, Daniel and Wang, Zehan},
  booktitle={Proceedings of the IEEE Conference on Computer Vision and Pattern Recognition},
  pages={1874--1883},
  year={2016}
}

@inproceedings{he2016deep,
  title={Deep residual learning for image recognition},
  author={He, Kaiming and Zhang, Xiangyu and Ren, Shaoqing and Sun, Jian},
  booktitle={Proceedings of the IEEE conference on computer vision and pattern recognition},
  pages={770--778},
  year={2016}
}

@inproceedings{youm2016image,
  title={Image super-resolution based on convolution neural networks using multi-channel input},
  author={Youm, Gwang-Young and Bae, Sung-Ho and Kim, Munchurl},
  booktitle={Image, Video, and Multidimensional Signal Processing Workshop (IVMSP), 2016 IEEE 12th},
  pages={1--5},
  year={2016},
  organization={IEEE}
}

@article{bae2016novel,
  title={A novel image quality assessment with globally and locally consilient visual quality perception},
  author={Bae, Sung-Ho and Kim, Munchurl},
  journal={IEEE Transactions on Image Processing},
  volume={25},
  number={5},
  pages={2392--2406},
  year={2016},
  publisher={IEEE}
}
